{
  "leader": "03989cas a2200793 i 4500",
  "fields": [
    {
      "001": "ocm01755402\\"
    },
    {
      "003": "OCoLC"
    },
    {
      "005": "20220712135851.0"
    },
    {
      "008": "751101c19609999nyuqx\\p\\\\\\\\\\\\\\0\\\\\\a0eng\\\\"
    },
    {
      "010": {
        "ind1": "\\",
        "ind2": "\\",
        "subfields": [
          {
            "a": "   61037555 "
          }
        ]
      }
    },
    {
      "040": {
        "ind1": "\\",
        "ind2": "\\",
        "subfields": [
          {
            "a": "DLC"
          },
          {
            "b": "eng"
          },
          {
            "c": "MUL"
          },
          {
            "d": "YUS"
          },
          {
            "d": "OCL"
          },
          {
            "d": "DLC"
          },
          {
            "d": "NSD"
          },
          {
            "d": "DLC"
          },
          {
            "d": "NSD"
          },
          {
            "d": "DLC"
          },
          {
            "d": "AIP"
          },
          {
            "d": "NSD"
          },
          {
            "d": "AIP"
          },
          {
            "d": "OCL"
          },
          {
            "d": "IUL"
          },
          {
            "d": "DLC"
          },
          {
            "d": "OCL"
          },
          {
            "d": "NST"
          },
          {
            "d": "IUL"
          },
          {
            "d": "NSD"
          },
          {
            "d": "OCL"
          },
          {
            "d": "SYS"
          },
          {
            "d": "IUL"
          },
          {
            "d": "EYM"
          },
          {
            "d": "NLM"
          },
          {
            "d": "OCLCQ"
          },
          {
            "d": "MUQ"
          },
          {
            "d": "OCLCQ"
          },
          {
            "d": "MYG"
          },
          {
            "d": "NLGGC"
          },
          {
            "d": "CDS"
          },
          {
            "d": "UQ1"
          },
          {
            "d": "OCLCQ"
          },
          {
            "d": "UKMGB"
          },
          {
            "d": "S3O"
          },
          {
            "d": "OCLCF"
          },
          {
            "d": "OCLCO"
          },
          {
            "d": "P4I"
          },
          {
            "d": "OCLCQ"
          },
          {
            "d": "OCLCO"
          },
          {
            "d": "CUI"
          },
          {
            "d": "BUF"
          },
          {
            "d": "OCLCO"
          },
          {
            "d": "NPI"
          },
          {
            "d": "OCLCQ"
          },
          {
            "d": "NLC"
          },
          {
            "d": "CSJ"
          },
          {
            "d": "OCLCO"
          },
          {
            "d": "OCLCQ"
          },
          {
            "d": "SLR"
          },
          {
            "d": "AU@"
          },
          {
            "d": "OCLCQ"
          },
          {
            "d": "OCLCO"
          },
          {
            "d": "IL4J6"
          },
          {
            "d": "OCLCO"
          }
        ]
      }
    },
    {
      "012": {
        "ind1": "\\",
        "ind2": "\\",
        "subfields": [
          {
            "a": "3"
          },
          {
            "b": "3"
          },
          {
            "e": "s"
          },
          {
            "k": "1"
          },
          {
            "m": "1"
          }
        ]
      }
    },
    {
      "016": {
        "ind1": "\\",
        "ind2": "\\",
        "subfields": [
          {
            "a": "(AMICUS)000000090541"
          }
        ]
      }
    },
    {
      "016": {
        "ind1": "7",
        "ind2": "\\",
        "subfields": [
          {
            "a": "100968810"
          },
          {
            "2": "DNLM"
          }
        ]
      }
    },
    {
      "016": {
        "ind1": "7",
        "ind2": "\\",
        "subfields": [
          {
            "a": "011117889"
          },
          {
            "2": "Uk"
          }
        ]
      }
    },
    {
      "019": {
        "ind1": "\\",
        "ind2": "\\",
        "subfields": [
          {
            "a": "2448215"
          },
          {
            "a": "185066752"
          },
          {
            "a": "977027013"
          },
          {
            "a": "977071732"
          },
          {
            "a": "1032968681"
          },
          {
            "a": "1065181386"
          },
          {
            "a": "1080693624"
          },
          {
            "a": "1167084842"
          },
          {
            "a": "1230537154"
          }
        ]
      }
    },
    {
      "022": {
        "ind1": "\\",
        "ind2": "\\",
        "subfields": [
          {
            "a": "0023-656X"
          },
          {
            "l": "0023-656X"
          },
          {
            "2": "1"
          }
        ]
      }
    },
    {
      "032": {
        "ind1": "\\",
        "ind2": "\\",
        "subfields": [
          {
            "a": "016566"
          },
          {
            "b": "USPS"
          }
        ]
      }
    },
    {
      "035": {
        "ind1": "\\",
        "ind2": "\\",
        "subfields": [
          {
            "a": "(OCoLC)1755402"
          },
          {
            "z": "(OCoLC)2448215"
          },
          {
            "z": "(OCoLC)185066752"
          },
          {
            "z": "(OCoLC)977027013"
          },
          {
            "z": "(OCoLC)977071732"
          },
          {
            "z": "(OCoLC)1032968681"
          },
          {
            "z": "(OCoLC)1065181386"
          },
          {
            "z": "(OCoLC)1080693624"
          },
          {
            "z": "(OCoLC)1167084842"
          },
          {
            "z": "(OCoLC)1230537154"
          }
        ]
      }
    },
    {
      "037": {
        "ind1": "\\",
        "ind2": "\\",
        "subfields": [
          {
            "b": "Bobst Library, Tamiment Institute, New York University, 70 Washington Square South, New York, N.Y. 10012"
          }
        ]
      }
    },
    {
      "042": {
        "ind1": "\\",
        "ind2": "\\",
        "subfields": [
          {
            "a": "pcc"
          },
          {
            "a": "nsdp"
          }
        ]
      }
    },
    {
      "043": {
        "ind1": "\\",
        "ind2": "\\",
        "subfields": [
          {
            "a": "n-us---"
          }
        ]
      }
    },
    {
      "050": {
        "ind1": "0",
        "ind2": "0",
        "subfields": [
          {
            "a": "HD4802"
          },
          {
            "b": ".L435"
          }
        ]
      }
    },
    {
      "082": {
        "ind1": "0",
        "ind2": "4",
        "subfields": [
          {
            "a": "331.0973"
          },
          {
            "b": "LAB"
          }
        ]
      }
    },
    {
      "210": {
        "ind1": "0",
        "ind2": "\\",
        "subfields": [
          {
            "a": "Labor hist."
          }
        ]
      }
    },
    {
      "222": {
        "ind1": "\\",
        "ind2": "0",
        "subfields": [
          {
            "a": "Labor history"
          }
        ]
      }
    },
    {
      "245": {
        "ind1": "0",
        "ind2": "0",
        "subfields": [
          {
            "a": "Labor history."
          }
        ]
      }
    },
    {
      "260": {
        "ind1": "\\",
        "ind2": "\\",
        "subfields": [
          {
            "a": "[New York] :"
          },
          {
            "b": "[Tamiment Institute]"
          }
        ]
      }
    },
    {
      "300": {
        "ind1": "\\",
        "ind2": "\\",
        "subfields": [
          {
            "a": "volumes ;"
          },
          {
            "c": "24 cm"
          }
        ]
      }
    },
    {
      "310": {
        "ind1": "\\",
        "ind2": "\\",
        "subfields": [
          {
            "a": "5 times a year,"
          },
          {
            "b": "<Dec. 2013->"
          }
        ]
      }
    },
    {
      "321": {
        "ind1": "\\",
        "ind2": "\\",
        "subfields": [
          {
            "a": "Three no. a year,"
          },
          {
            "b": "1960-1968"
          }
        ]
      }
    },
    {
      "321": {
        "ind1": "\\",
        "ind2": "\\",
        "subfields": [
          {
            "a": "Quarterly,"
          },
          {
            "b": "1969-"
          }
        ]
      }
    },
    {
      "336": {
        "ind1": "\\",
        "ind2": "\\",
        "subfields": [
          {
            "a": "text"
          },
          {
            "b": "txt"
          },
          {
            "2": "rdacontent"
          }
        ]
      }
    },
    {
      "337": {
        "ind1": "\\",
        "ind2": "\\",
        "subfields": [
          {
            "a": "unmediated"
          },
          {
            "b": "n"
          },
          {
            "2": "rdamedia"
          }
        ]
      }
    },
    {
      "338": {
        "ind1": "\\",
        "ind2": "\\",
        "subfields": [
          {
            "a": "volume"
          },
          {
            "b": "nc"
          },
          {
            "2": "rdacarrier"
          }
        ]
      }
    },
    {
      "362": {
        "ind1": "0",
        "ind2": "\\",
        "subfields": [
          {
            "a": "v. 1- winter 1960-"
          }
        ]
      }
    },
    {
      "555": {
        "ind1": "\\",
        "ind2": "\\",
        "subfields": [
          {
            "a": "Vols. 1-10, 1960-69, in v. 11."
          }
        ]
      }
    },
    {
      "588": {
        "ind1": "1",
        "ind2": "\\",
        "subfields": [
          {
            "a": "Volume 9, special supplement (Spring 1968)"
          }
        ]
      }
    },
    {
      "650": {
        "ind1": "\\",
        "ind2": "0",
        "subfields": [
          {
            "a": "Labor"
          },
          {
            "z": "United States"
          },
          {
            "x": "History"
          },
          {
            "v": "Periodicals."
          }
        ]
      }
    },
    {
      "650": {
        "ind1": "\\",
        "ind2": "0",
        "subfields": [
          {
            "a": "Labor movement"
          },
          {
            "z": "United States"
          },
          {
            "v": "Periodicals."
          }
        ]
      }
    },
    {
      "650": {
        "ind1": "\\",
        "ind2": "0",
        "subfields": [
          {
            "a": "Labor unions"
          },
          {
            "z": "United States"
          },
          {
            "x": "History"
          },
          {
            "v": "Periodicals."
          }
        ]
      }
    },
    {
      "650": {
        "ind1": "\\",
        "ind2": "7",
        "subfields": [
          {
            "a": "Labor."
          },
          {
            "2": "fast"
          },
          {
            "0": "(OCoLC)fst00989798"
          }
        ]
      }
    },
    {
      "650": {
        "ind1": "\\",
        "ind2": "7",
        "subfields": [
          {
            "a": "Labor movement."
          },
          {
            "2": "fast"
          },
          {
            "0": "(OCoLC)fst00990079"
          }
        ]
      }
    },
    {
      "650": {
        "ind1": "\\",
        "ind2": "7",
        "subfields": [
          {
            "a": "Labor unions."
          },
          {
            "2": "fast"
          },
          {
            "0": "(OCoLC)fst00990260"
          }
        ]
      }
    },
    {
      "651": {
        "ind1": "\\",
        "ind2": "7",
        "subfields": [
          {
            "a": "United States."
          },
          {
            "2": "fast"
          },
          {
            "0": "(OCoLC)fst01204155"
          }
        ]
      }
    },
    {
      "655": {
        "ind1": "\\",
        "ind2": "7",
        "subfields": [
          {
            "a": "History."
          },
          {
            "2": "fast"
          },
          {
            "0": "(OCoLC)fst01411628"
          }
        ]
      }
    },
    {
      "655": {
        "ind1": "\\",
        "ind2": "7",
        "subfields": [
          {
            "a": "Periodicals."
          },
          {
            "2": "fast"
          },
          {
            "0": "(OCoLC)fst01411641"
          }
        ]
      }
    },
    {
      "655": {
        "ind1": "\\",
        "ind2": "7",
        "subfields": [
          {
            "a": "Electronic journals."
          },
          {
            "2": "lcgft"
          }
        ]
      }
    },
    {
      "655": {
        "ind1": "\\",
        "ind2": "7",
        "subfields": [
          {
            "a": "Periodicals."
          },
          {
            "2": "lcgft"
          }
        ]
      }
    },
    {
      "710": {
        "ind1": "2",
        "ind2": "\\",
        "subfields": [
          {
            "a": "Tamiment Institute."
          }
        ]
      }
    },
    {
      "776": {
        "ind1": "0",
        "ind2": "8",
        "subfields": [
          {
            "i": "Online version:"
          },
          {
            "t": "Labor history (Online)"
          },
          {
            "x": "1469-9702"
          },
          {
            "w": "(DLC)  2002238317"
          },
          {
            "w": "(OCoLC)49560241"
          }
        ]
      }
    },
    {
      "776": {
        "ind1": "0",
        "ind2": "8",
        "subfields": [
          {
            "i": "Online version:"
          },
          {
            "t": "Labor history"
          },
          {
            "w": "(OCoLC)607805291"
          }
        ]
      }
    },
    {
      "780": {
        "ind1": "0",
        "ind2": "0",
        "subfields": [
          {
            "t": "Labor historian's bulletin"
          },
          {
            "w": "(OCoLC)9803088"
          }
        ]
      }
    },
    {
      "780": {
        "ind1": "0",
        "ind2": "5",
        "subfields": [
          {
            "t": "Newsletter (Labor Historians)"
          },
          {
            "w": "(DLC)sn 87022505"
          },
          {
            "w": "(OCoLC)16812578"
          }
        ]
      }
    },
    {
      "850": {
        "ind1": "\\",
        "ind2": "\\",
        "subfields": [
          {
            "a": "CaMWUC"
          },
          {
            "a": "CtY-L"
          },
          {
            "a": "InU"
          }
        ]
      }
    },
    {
      "856": {
        "ind1": "4",
        "ind2": "1",
        "subfields": [
          {
            "u": "http://www.metapress.com/openurl.asp?genre=journal&issn=0023-656X"
          }
        ]
      }
    },
    {
      "856": {
        "ind1": "4",
        "ind2": "1",
        "subfields": [
          {
            "u": "http://firstsearch.oclc.org"
          },
          {
            "z": "Address for accessing the journal using authorization number and password through OCLC FirstSearch Electronic Collections Online. Subscription to online journal required for access to abstracts and full text"
          }
        ]
      }
    },
    {
      "856": {
        "ind1": "4",
        "ind2": "1",
        "subfields": [
          {
            "u": "http://firstsearch.oclc.org/journal=0023-656x;screen=info;ECOIP"
          },
          {
            "z": "Address for accessing the journal from an authorized IP address through OCLC FirstSearch Electronic Collections Online. Subscription to online journal required for access to abstracts and full text"
          }
        ]
      }
    },
    {
      "856": {
        "ind1": "4",
        "ind2": "1",
        "subfields": [
          {
            "u": "http://www.ingentaselect.com/rpsv/cw/carfax/0023656x/contp1.htm"
          }
        ]
      }
    },
    {
      "891": {
        "ind1": "2",
        "ind2": "0",
        "subfields": [
          {
            "9": "853"
          },
          {
            "8": "1"
          },
          {
            "a": "v."
          },
          {
            "b": "no."
          },
          {
            "u": "3"
          },
          {
            "v": "r"
          },
          {
            "i": "(year)"
          },
          {
            "j": "(season)"
          },
          {
            "w": "3"
          },
          {
            "x": "24"
          },
          {
            "y": "ps24,21,23"
          }
        ]
      }
    },
    {
      "891": {
        "ind1": "4",
        "ind2": "1",
        "subfields": [
          {
            "9": "863"
          },
          {
            "8": "1"
          },
          {
            "a": "<1>-"
          },
          {
            "i": "<1960>-"
          }
        ]
      }
    },
    {
      "891": {
        "ind1": "2",
        "ind2": "0",
        "subfields": [
          {
            "9": "853"
          },
          {
            "8": "2"
          },
          {
            "a": "v."
          },
          {
            "b": "no."
          },
          {
            "u": "4"
          },
          {
            "v": "r"
          },
          {
            "i": "(year)"
          },
          {
            "j": "(season)"
          },
          {
            "w": "q"
          },
          {
            "x": "24"
          }
        ]
      }
    },
    {
      "891": {
        "ind1": "4",
        "ind2": "1",
        "subfields": [
          {
            "9": "863"
          },
          {
            "8": "2"
          },
          {
            "a": "<10>-"
          },
          {
            "i": "<1969>-"
          }
        ]
      }
    },
    {
      "891": {
        "ind1": "2",
        "ind2": "0",
        "subfields": [
          {
            "9": "853"
          },
          {
            "8": "3"
          },
          {
            "a": "v."
          },
          {
            "b": "no."
          },
          {
            "u": "4"
          },
          {
            "v": "r"
          },
          {
            "i": "(year)"
          },
          {
            "j": "(month)"
          },
          {
            "w": "q"
          },
          {
            "x": "02"
          }
        ]
      }
    },
    {
      "891": {
        "ind1": "4",
        "ind2": "1",
        "subfields": [
          {
            "9": "863"
          },
          {
            "8": "3.1"
          },
          {
            "a": "<46>"
          },
          {
            "b": "<1>"
          },
          {
            "i": "<2005>"
          },
          {
            "j": "<02>"
          }
        ]
      }
    },
    {
      "936": {
        "ind1": "\\",
        "ind2": "\\",
        "subfields": [
          {
            "a": "Unknown"
          },
          {
            "a": "winter 1976 (surrogate)"
          }
        ]
      }
    },
    {
      "994": {
        "ind1": "\\",
        "ind2": "\\",
        "subfields": [
          {
            "a": "Z0"
          },
          {
            "b": "NYRVC"
          }
        ]
      }
    },
    {
      "948": {
        "ind1": "\\",
        "ind2": "\\",
        "subfields": [
          {
            "h": "NO HOLDINGS IN NYRVC - 764 OTHER HOLDINGS"
          }
        ]
      }
    },
    {
      "999": {
        "ind1": "\\",
        "ind2": "\\",
        "subfields": [
          {
            "a": "00000000015378"
          },
          {
            "v": "Volume 9, special supplement"
          }
        ]
      }
    }
  ]
}